@misc{chlu-reputation,
    author    = "Chlu",
    title     = "Reviews and Ratings Verified by Payments on a Blockchain",
    howpublished       = "\url{https://chlu.io/papers/position-paper.pdf}"
}

@misc{civic,
    title     = "Civic",
    howpublished       = "\url{https://www.civic.com/}"
}

@misc{blockstack,
    title     = "Blockstack",
    howpublished       = "\url{https://blockstack.org/}"
}