@misc{ipfs,
  author =  "Juan Benet",
  title = "IPFS --- Content Addressed, Versioned, P2P File System",
  year = 2014,
  howpublished = "https://github.com/ipfs/papers/raw/master/ipfs-cap2pfs/ipfs-p2p-file-system.pdf"
}


@Misc{openbazaar,
  title =     {Decentralized Reputation in OpenBazaar},
  howpublished = {https://blog.openbazaar.org/decentralized-reputation-in-openbazaar},
  year = 2015,
  author = "Dr. Washington Sanchez"
}

@Misc{ethlance,
  key = "ethlance",
  title =     {Ethlance},
  howpublished = {https://ethlance.com},
}

@Misc{district0x,
  key = "district0x",
  title =     {A collective of decentralized marketplaces and communities},
  howpublished = {https://district0x.io/docs/district0x-whitepaper.pdf},
  year = 2017
}

@Misc{colony,
  key = "colony",
  title =     {Colony},
  howpublished = {https://colony.io},
  year = 2017
}

@Misc{monetha,
  key = "monetha",
  title =     {Monetha},
  howpublished = {https://www.monetha.io/static/media/Monetha\_White\_Paper.72d6c2dc.pdf}
}

@techreport{wellknown,
  author = {M. Nottingham and E. Hammer-Lahav},
  title = {Defining Well-Known Uniform Resource Identifiers (URIs)},
  howpublished = {Internet Requests for Comments},
  type = {RFC},
  number = {5785},
  year = {2010},
  month = {April},
  issn = {2070-1721},
  publisher = {RFC Editor},
  institution = {RFC Editor},
  url = {http://www.rfc-editor.org/rfc/rfc5785.txt},
  note = {\url{http://www.rfc-editor.org/rfc/rfc5785.txt}},
}
}

